<record><leader>00000cas a22000007a 4500</leader><controlfield tag="001">27101927</controlfield><controlfield tag="008">921211d19251966meuwr ne      0    0eng d</controlfield><datafield ind1=" " ind2=" " tag="010"><subfield code="a">sn 92056776 </subfield></datafield><datafield ind1=" " ind2=" " tag="040"><subfield code="a">MGN</subfield><subfield code="b">eng</subfield><subfield code="c">MGN</subfield><subfield code="d">MBN</subfield><subfield code="d">OCLCQ</subfield><subfield code="d">OCLCF</subfield><subfield code="d">OCLCO</subfield></datafield><datafield ind1=" " ind2=" " tag="042"><subfield code="a">msc</subfield></datafield><datafield ind1=" " ind2=" " tag="043"><subfield code="a">n-us-me</subfield></datafield><datafield ind1="0" ind2="0" tag="245"><subfield code="a">South Berwick chronicle.</subfield></datafield><datafield ind1="3" ind2="0" tag="246"><subfield code="a">So. Berwick chronicle</subfield></datafield><datafield ind1=" " ind2=" " tag="260"><subfield code="a">South Berwick, Me. :</subfield><subfield code="b">[Chronicle Pub. Co.]</subfield></datafield><datafield ind1=" " ind2=" " tag="300"><subfield code="a">v.</subfield></datafield><datafield ind1=" " ind2=" " tag="310"><subfield code="a">Weekly</subfield></datafield><datafield ind1="1" ind2=" " tag="362"><subfield code="a">Began in 1925?</subfield></datafield><datafield ind1="0" ind2=" " tag="362"><subfield code="a">-v. 41, no. 35 (May 12, 1966).</subfield></datafield><datafield ind1=" " ind2=" " tag="500"><subfield code="a">Published as: So. Berwick chronicle, Mar. 26-&lt;Oct. 22&gt;, 1926.</subfield></datafield><datafield ind1=" " ind2=" " tag="588"><subfield code="a">Description based on: Vol. 1, no. 7 (Nov. 6, 1925).</subfield></datafield><datafield ind1=" " ind2="0" tag="651"><subfield code="a">South Berwick (Me.)</subfield><subfield code="v">Newspapers.</subfield></datafield><datafield ind1=" " ind2="7" tag="655"><subfield code="a">Newspapers.</subfield><subfield code="2">fast</subfield><subfield code="0">(OCoLC)fst01423814</subfield></datafield><datafield ind1=" " ind2="7" tag="651"><subfield code="a">Maine</subfield><subfield code="z">South Berwick.</subfield><subfield code="2">fast</subfield><subfield code="0">(OCoLC)fst01208775</subfield></datafield><datafield ind1=" " ind2=" " tag="752"><subfield code="a">United States</subfield><subfield code="b">Maine</subfield><subfield code="c">York</subfield><subfield code="d">South Berwick.</subfield></datafield><datafield ind1="0" ind2="0" tag="785"><subfield code="t">Enterprise-chronicle (South Berwick, Me.)</subfield><subfield code="w">(DLC)sn 97062723</subfield></datafield></record>